<record><leader>00000cas a22000007a 4500</leader><controlfield tag="001">15338737</controlfield><controlfield tag="008">870318d19481956inuwr ne      0    0eng d</controlfield><datafield ind1=" " ind2=" " tag="010"><subfield code="a">sn 87055805 </subfield></datafield><datafield ind1=" " ind2=" " tag="040"><subfield code="a">NPI</subfield><subfield code="b">eng</subfield><subfield code="c">NPI</subfield><subfield code="d">OCLCQ</subfield><subfield code="d">IUL</subfield><subfield code="d">OCLCF</subfield></datafield><datafield ind1=" " ind2=" " tag="042"><subfield code="a">msc</subfield></datafield><datafield ind1=" " ind2=" " tag="043"><subfield code="a">n-us-in</subfield></datafield><datafield ind1="0" ind2="4" tag="245"><subfield code="a">The Russiaville observer, Kokomo telegraph.</subfield></datafield><datafield ind1=" " ind2=" " tag="260"><subfield code="a">Russiaville, Ind. :</subfield><subfield code="b">Telegraph Pub. Co.,</subfield><subfield code="c">1948-1956.</subfield></datafield><datafield ind1=" " ind2=" " tag="300"><subfield code="a">8 volumes</subfield></datafield><datafield ind1=" " ind2=" " tag="310"><subfield code="a">Weekly</subfield></datafield><datafield ind1="0" ind2=" " tag="362"><subfield code="a">Vol. 100, no. 8 (Mar. 12, 1948)-v. 108, no. 52 (Dec. 28, 1956).</subfield></datafield><datafield ind1=" " ind2=" " tag="500"><subfield code="a">Also published as: The Russiaville observer, Jan. 6, 1956.</subfield></datafield><datafield ind1=" " ind2="0" tag="651"><subfield code="a">Russiaville (Ind.)</subfield><subfield code="v">Newspapers.</subfield></datafield><datafield ind1=" " ind2="0" tag="651"><subfield code="a">Howard County (Ind.)</subfield><subfield code="v">Newspapers.</subfield></datafield><datafield ind1=" " ind2="7" tag="651"><subfield code="a">Indiana</subfield><subfield code="z">Howard County.</subfield><subfield code="2">fast</subfield><subfield code="0">(OCoLC)fst01217817</subfield></datafield><datafield ind1=" " ind2="7" tag="651"><subfield code="a">Indiana</subfield><subfield code="z">Russiaville.</subfield><subfield code="2">fast</subfield><subfield code="0">(OCoLC)fst01257636</subfield></datafield><datafield ind1=" " ind2="7" tag="655"><subfield code="a">Newspapers.</subfield><subfield code="2">fast</subfield><subfield code="0">(OCoLC)fst01423814</subfield></datafield><datafield ind1=" " ind2=" " tag="752"><subfield code="a">United States</subfield><subfield code="b">Indiana</subfield><subfield code="c">Howard</subfield><subfield code="d">Russiaville.</subfield></datafield><datafield ind1="0" ind2="0" tag="780"><subfield code="t">Kokomo telegraph, the Russiaville observer</subfield><subfield code="w">(DLC)sn 87055804</subfield><subfield code="w">(OCoLC)15338754</subfield></datafield><datafield ind1="0" ind2="0" tag="785"><subfield code="t">Weekly Russiaville observer, and the Kokomo telegraph</subfield><subfield code="w">(DLC)sn 87055806</subfield><subfield code="w">(OCoLC)15338379</subfield></datafield></record>